<?xml version="1.0" encoding="UTF-8"?><collection xmlns="http://www.loc.gov/MARC21/slim"><record><leader>00411nam--2200145-i-4500</leader><controlfield tag="001">000003291</controlfield><controlfield tag="002">20161230</controlfield><controlfield tag="005">20161230201025</controlfield><controlfield tag="008">060222s1000------------r-----000-0-eng-d</controlfield><datafield ind1=" " ind2=" " tag="100"><subfield code="a">Duncan, A.B.F. Walter Gordy,Norman Jones R</subfield></datafield><datafield ind1=" " ind2=" " tag="245"><subfield code="a">Chemichal applications of spectroscopy</subfield></datafield><datafield ind1=" " ind2=" " tag="260"><subfield code="a">New York, Interscience Publishers,1956</subfield></datafield><datafield ind1=" " ind2=" " tag="490"><subfield code="a">Technique Of Organic Chemistry</subfield></datafield><datafield ind1=" " ind2=" " tag="700"><subfield code="a">West, W</subfield></datafield><datafield ind1=" " ind2=" " tag="852"><subfield code="a">12776</subfield></datafield></record></collection>